@online{postgresql_docs,
  author    = {{PostgreSQL Global Development Group}},
  title     = {PostgreSQL 16.0 Documentation},
  year      = {2023},
  url       = {https://www.postgresql.org/docs/current/},
  note      = {Tra cứu các chương: Queries, WITH, Recursive Queries},
  urldate   = {2025-06-21}
}

@online{mysql_manual,
  author    = {{Oracle Corporation}},
  title     = {MySQL 8.0 Reference Manual},
  year      = {2024},
  url       = {https://dev.mysql.com/doc/refman/8.0/en/},
  note      = {Chương Stored Procedures, Triggers, Temporary Tables},
  urldate   = {2025-06-21}
}

@book{celko2015,
  author    = {Joe Celko},
  title     = {Joe Celko's SQL for Smarties: Advanced SQL Programming},
  edition   = {5},
  year      = {2015},
  publisher = {Morgan Kaufmann},
  address   = {Burlington, MA}
}

@book{benGan2015,
  author    = {Itzik Ben-Gan and Dejan Sarka and Steve Kass},
  title     = {T-SQL Querying},
  year      = {2015},
  publisher = {Microsoft Press},
  address   = {Redmond, WA}
}

@book{beaulieu2020,
  author    = {Alan Beaulieu},
  title     = {Learning SQL},
  edition   = {3},
  year      = {2020},
  publisher = {O'Reilly Media},
  address   = {Sebastopol, CA}
}